<record><leader>01104cam a2200301Ii 45 0</leader><controlfield tag="001">6785040</controlfield><controlfield tag="003">OCoLC</controlfield><controlfield tag="005">20150129122420.0</controlfield><controlfield tag="008">150129s2015    moua     b    000 0 eng d</controlfield><datafield ind1=" " ind2=" " tag="020"><subfield code="a">0988878828</subfield></datafield><datafield ind1=" " ind2=" " tag="020"><subfield code="a">9780988878822</subfield></datafield><datafield ind1=" " ind2=" " tag="040"><subfield code="a">YDXCP</subfield><subfield code="b">eng</subfield><subfield code="e">rda</subfield><subfield code="c">YDXCP</subfield><subfield code="d">OCLCQ</subfield><subfield code="d">IDU</subfield><subfield code="d">AVC</subfield></datafield><datafield ind1=" " ind2=" " tag="090"><subfield code="a">LB 2341 Z35 2015</subfield><subfield code="b">AVC</subfield></datafield><datafield ind1="1" ind2=" " tag="100"><subfield code="a">Zaiontz, Dan.</subfield></datafield><datafield ind1="1" ind2="0" tag="245"><subfield code="a">#FollowTheLeader :</subfield><subfield code="b">Lessons in Social Media Success from #HigherEd CEOs /</subfield><subfield code="c">A book by Dan Zaiontz.</subfield></datafield><datafield ind1=" " ind2="1" tag="264"><subfield code="a">Saint Louis, Missouri :</subfield><subfield code="b">EDUniverse Media,</subfield><subfield code="c">[2015].</subfield></datafield><datafield ind1=" " ind2="4" tag="264"><subfield code="c">&#169;2015</subfield></datafield><datafield ind1=" " ind2=" " tag="300"><subfield code="a">vi, 143 pages :</subfield><subfield code="b">illustrations ;</subfield><subfield code="c">26 cm</subfield></datafield><datafield ind1=" " ind2=" " tag="336"><subfield code="a">text</subfield><subfield code="b">txt</subfield><subfield code="2">rdacontent</subfield></datafield><datafield ind1=" " ind2=" " tag="337"><subfield code="a">unmediated</subfield><subfield code="b">n</subfield><subfield code="2">rdamedia</subfield></datafield><datafield ind1=" " ind2=" " tag="338"><subfield code="a">volume</subfield><subfield code="2">rdacarrier</subfield></datafield><datafield ind1=" " ind2=" " tag="504"><subfield code="a">Includes bibliographical references (pages 139-142).</subfield></datafield><datafield ind1=" " ind2=" " tag="596"><subfield code="a">52</subfield></datafield><datafield ind1=" " ind2="0" tag="650"><subfield code="a">College presidents</subfield><subfield code="x">Public relations.</subfield></datafield><datafield ind1=" " ind2="0" tag="650"><subfield code="a">Universities and colleges</subfield><subfield code="x">Public relations.</subfield></datafield><datafield ind1=" " ind2="0" tag="650"><subfield code="a">Social media.</subfield></datafield><datafield ind1=" " ind2="0" tag="650"><subfield code="a">Communication in education.</subfield></datafield><datafield ind1=" " ind2=" " tag="926"><subfield code="a">LB 2341 Z35 2015</subfield><subfield code="w">LC</subfield><subfield code="c">1</subfield><subfield code="i">38288001142303</subfield><subfield code="d">3/31/2015</subfield><subfield code="f">3/31/2015</subfield><subfield code="g">1</subfield><subfield code="l">ON_SHELF</subfield><subfield code="m">LAKELND_LL</subfield><subfield code="r">Y</subfield><subfield code="s">Y</subfield><subfield code="t">BOOK</subfield><subfield code="u">1/19/2015</subfield></datafield></record>